<?xml version="1.0" encoding="UTF-8"?><collection xmlns="http://www.loc.gov/MARC21/slim"><record><leader>00351nam--2200133-i-4500</leader><controlfield tag="001">000002037</controlfield><controlfield tag="002">20161230</controlfield><controlfield tag="005">20161230201024</controlfield><controlfield tag="008">060222s1000------------r-----000-0-eng-d</controlfield><datafield ind1=" " ind2=" " tag="080"><subfield code="a">621.643.062</subfield></datafield><datafield ind1=" " ind2=" " tag="100"><subfield code="a">Ginzburg, Sic.L.D</subfield></datafield><datafield ind1=" " ind2=" " tag="245"><subfield code="a">Indoirea tevilor la locul de montaj</subfield></datafield><datafield ind1=" " ind2=" " tag="260"><subfield code="a">Bucuresti, Editura Energetica De Stat, 1951. 96 P</subfield></datafield><datafield ind1=" " ind2=" " tag="852"><subfield code="a">26655</subfield></datafield></record></collection>